2384 4242
75 325 79 332 V
176 371 216 418 ιν
287 380 376 426 sp
438 355 859 427 1111111111
1165 338 1167 409 l

67 561 70 569 ·
176 509 263 608 rets.
294 533 340 606 In
365 530 554 632 seligenda
578 529 795 601 lectionum
823 532 1003 606 varietate
1028 534 1136 628 hunc

176 667 335 740 modum
346 665 465 756 tenui,
485 688 601 759 quem
612 665 690 760 ipsa
700 667 904 748 voluminis
915 670 1040 740 moles
1053 673 1134 742 sua·
1166 670 1167 745 ἶ

110 831 113 837 ·
178 804 309 895 debat,
336 813 382 871 ut
396 777 736 896 potiorestantum
762 801 962 899 eligerem,
998 808 1133 902 omissis
1167 874 1168 881 ,

177 925 405 1036 plerumque
417 935 475 1028 iis,
500 957 590 1028 quas
609 950 675 1003 aut
691 935 739 1006 ad
752 935 899 1005 sensum
911 917 1068 1009 inutiles
1085 942 1134 1009 es·
1167 904 1168 907 ¹

81 1165 97 1172 ..
177 1072 236 1165 se,
261 1048 329 1142 aut
348 1068 488 1139 nimiae
503 1067 590 1140 five
595 1038 837 1139 librariorum
855 1073 1133 1170 oscitationi‚li-

179 1231 229 1277 ve
247 1204 465 1276 editorum
453 1204 633 1318 incuriae,
657 1203 732 1322 live
746 1221 999 1277 correctorum
1015 1222 1133 1278 111111-

107 1421 110 1426 ,
154 1340 281 1420 Ι111111
299 1337 428 1409 deberi
448 1315 721 1414 existimarem.
752 1340 1009 1434 Quamobrem
1023 1341 1133 1410 Fran·
1169 1388 1170 1393 1

113 1460 115 1470 ¹
182 1475 385 1546 oiscisunii
396 1463 704 1562 hariolationibus
720 1472 859 1551 crebris
875 1474 950 1546 illis
967 1474 1132 1569 quidem,
1169 1452 1170 1455 ¹

168 1609 384 1718 ¹maximam
410 1609 501 1680 'vero
529 1611 676 1702 pa'rtem
699 1606 849 1703 ineptis
861 1602 979 1680 rarius
1004 1609 1131 1681 locum
1170 1674 1171 1689 ,

90 1805 98 1815 .
178 1711 410 1816 indulsimus.
431 1741 508 1811 Ubi
519 1740 701 1813 Rhenani
711 1740 824 1816 editio
838 1742 1041 1835 deficiebat,
1058 1745 1132 1816 Ρα

30 1883 34 1900 ’
126 1962 131 1982 .
174 1855 383 1950 melianum
412 1875 673 1971 expressimus,
709 1900 753 1947 11
777 1876 930 1969 quidem
954 1870 1061 1975 lege,
1088 1893 1131 1949 ut
1171 1859 1173 1865 ’

179 1996 377 2106 antiquam
408 2011 612 2080 lectionem
644 2009 712 2080 nisi
743 2033 831 2079 cum
859 2011 1016 2081 omnino
1043 2011 1131 2082 ferri

84 2165 87 2175 ·
179 2169 261 2252 non
264 2140 391 2242 posse
424 2143 634 2236 videretur,
674 2135 754 2258 non
787 2141 1130 2218 exterminaremus

111 2331 117 2340 -
180 2245 370 2384 Libellum
391 2251 439 2346 de
467 2279 668 2370 Oratione,
706 2252 817 2350 antea
840 2278 1075 2372 mutilum,
1069 2279 1131 2348 hic

164 2405 371 2511 integrum
398 2412 737 2508 repraesentamus,
786 2407 1053 2483 Muratorium
1078 2412 1130 2480 se-

181 2548 310 2652 quuti,
348 2539 470 2642 quiin
485 2549 694 2619 Aneodot'z's
716 2572 737 2616 e
763 2546 892 2650 codice
912 2545 1130 2638 Ambrofia-

180 2703 230 2751 no
250 2681 516 2778 supplementa
539 2683 623 2756 satis
645 2658 766 2754 multa
794 2681 968 2751 ediderat
1001 2656 1129 2749 =Tem·

180 2838 322 2908 porum
346 2817 555 2887 ordinem
545 2841 586 2886 111
610 2794 838 2888 collocandis
856 2793 1038 2884 libellisa
1064 2836 1129 2883 no·

162 2948 238 3044 >bis
264 2954 499 3030 observatum
527 2981 607 3031 non
629 2958 719 3050 elle,
755 2979 871 3064 nemo
898 2955 1024 3024 facile
1040 2956 1129 3025 vitio

180 3111 320 3189 vertet,
352 3073 443 3172 nam
464 3119 660 3200 praeterea
683 3099 785 3195 quod
806 3099 909 3170 illius
933 3099 1092 3195 crispae,
1102 3097 1130 3166 si

38 3205 41 3212 .
72 3292 74 3296 .
115 3343 117 3346 v
162 3238 297 3312 'modo
317 3242 426 3336 culpa
443 3242 504 3339 fit,
527 3244 647 3314 socios
663 3241 868 3333 habeamus
886 3258 1039 3332 omnes,
1065 3237 1128 3331 qui

178 3377 249 3450 nos
266 3373 541 3455 antecesserunt
557 3383 739 3476 editores,
762 3381 872 3452 facile
888 3379 1128 3476 praevideba-

89 3496 92 3507 ’
178 3543 281 3597 mus
291 3522 518 3650 Tertulliani
546 3526 707 3599 lectores
734 3523 877 3597 alienos
903 3545 983 3602 non
1005 3522 1126 3597 fores

212 3665 214 3672 ‘
575 3653 580 3670 ⁸
989 3673 997 3680 “
1076 3654 1126 3726 11-
