2384 4242
174 387 298 434 ivs
436 372 857 442 ru'nnrnrroc

65 577 68 586 ·
160 526 262 624 'ret'¹
292 549 338 622 In
363 547 552 646 seligenda
576 545 794 618 lectionum
821 549 1002 622 varietate
1027 551 1143 638 hunc

175 683 334 756 modum
344 682 464 772 tenui,
483 704 599 775 quem
610 681 689 776 ipla
699 663 903 754 voluminis
914 686 1037 758 moles
1050 689 1141 758 sua-

176 821 308 912 debat,
334 830 380 887 ut
394 815 561 914 potiores
582 830 734 886 tantum
760 818 960 916 eligerem,
996 824 1140 920 omissis

175 941 404 1052 plerumque
415 951 474 1043 iis,
499 973 590 1044 quas
608 967 673 1020 aut
690 951 898 1064 adsensum
910 934 1066 1025 inutiles
1085 958 1140 1025 es-

39 1119 46 1149 «
79 1181 85 1189 ,
175 1089 235 1183 le,
260 1101 327 1158 aut
346 1084 487 1176 nimiae
502 1085 836 1158 livellibrariorum
854 1089 1077 1186 oscitationi‚
1092 1090 1139 1160 fi-

178 1247 228 1294 ve
245 1221 436 1319 ¹editorum
451 1221 632 1312 incuriae,
656 1219 731 1290 live
745 1212 997 1294 corredtorum
1014 1238 1139 1293 teme-

175 1357 279 1430 ritati
297 1354 427 1427 deberi
446 1331 706 1431 existimarem.
750 1357 1007 1451 Quamobrem
1021 1357 1139 1426 Fran-

112 1476 114 1485 *
180 1491 263 1563 cilci
276 1491 383 1561 Iunii
394 1481 703 1579 hariolationibus
719 1489 858 1564 erebus
873 1491 949 1562 illis
965 1488 1137 1584 quidem,

166 1626 382 1699 'maximam
408 1627 499 1699 'vero
527 1627 675 1718 pa'rtem
698 1622 847 1719 ineptis
860 1625 978 1696 rarius
1002 1625 1135 1698 locum

88 1821 97 1830 .
176 1727 408 1831 indulfimus.
429 1757 506 1827 Ubi
518 1757 699 1834 Rhenant‘
709 1757 822 1830 editio
836 1759 1039 1852 deficiebat,
1055 1761 1182 1910 Ρα-Ὗ

29 1899 33 1915 ’
124 1977 130 1997 ¹
176 1897 382 1968 melianum
411 1893 691 1992 expressimus‚
708 1915 752 1964 ea
776 1890 930 1986 quidem
952 1892 1058 1992 lege,
1086 1861 1182 1964 ut

178 2010 376 2122 antiquam
406 2027 610 2098 lectionem
643 2025 712 2097 nifi
742 2049 829 2096 cum
858 2027 1015 2098 omnino
1040 2028 1132 2098 ferri

82 2181 86 2192 ·
178 2185 260 2270 non
286 2159 389 2256 polle
422 2159 634 2253 videretur,
673 2183 769 2275 non
786 2162 1129 2233 exterminaremus
1180 2133 1181 2136 Ἴ

109 2349 116 2356 .
179 2262 368 2368 Libellum
390 2269 437 2362 de
465 2295 667 2386 Oratione,
705 2263 816 2366 antea
839 2294 1072 2387 mutilum,
1067 2295 1131 2364 hic

163 2423 369 2528 finteg'rum
396 2429 737 2537 repraesentamue‚
786 2423 1050 2500 Muratorium
1076 2429 1130 2496 le·
1179 2515 1180 2530 χ

180 2563 309 2667 quuti,
347 2557 413 2658 qui
427 2564 469 2634 in
483 2566 692 2637 Anecdot'zs
715 2589 736 2634 e
762 2563 890 2634 codice
912 2561 1129 2678 Ambrofia

180 2719 229 2766 no
249 2696 514 2792 supplementa
537 2701 622 2773 satis
644 2701 764 2772 multa
793 2697 967 2768 ediderat
1019 2697 1128 2765 Tem·

179 2853 320 2924 porum
346 2831 519 2903 ordinem
543 2834 585 2902 in
610 2809 836 2906 collocandis
856 2831 993 2901 libellis
1014 2809 1035 2899 a
1062 2851 1127 2900 no·
1178 2881 1179 2914 ι

161 2964 237 3058 ξὶιίε
263 2968 498 3044 observatum
526 2997 606 3046 non
628 2973 717 3068 effe,
753 2995 869 3047 nemo
897 2970 1023 3040 facile
1038 2972 1126 3042 vitio

176 3095 319 3202 'vertet3
352 3137 442 3188 nam
464 3097 659 3215 praeterea
681 3116 784 3212 quod
805 3115 908 3186 illius
932 3114 1126 3212 culpae,'li

178 3253 297 3365 modo
316 3257 426 3351 culpa
441 3257 503 3354 fit,
526 3259 646 3356 [ocios
662 3259 866 3350 habeamus
885 3275 1037 3348 omnen,
1064 3255 1126 3348 qui

177 3416 249 3463 nos
266 3396 540 3470 antecesserunt
557 3399 737 3521 editores,
761 3399 871 3469 facile
886 3397 1126 3493 praevideba-

88 3512 91 3523 ’
177 3557 281 3611 mus
292 3536 518 3614 Tertulliani
545 3542 705 3615 lectores
733 3539 876 3614 alienos
902 3539 983 3612 non
1004 3537 1125 3614 lorea

574 3670 579 3686 '
988 3689 995 3696 ’
1075 3671 1125 3744 le·
